<record><leader>00000cas a2200000 a 4500</leader><controlfield tag="001">55661550</controlfield><controlfield tag="008">040616d18831uuuiludn ne      0   a0eng c</controlfield><datafield ind1=" " ind2=" " tag="010"><subfield code="a">sn2004061948</subfield></datafield><datafield ind1=" " ind2=" " tag="040"><subfield code="a">NVF</subfield><subfield code="b">eng</subfield><subfield code="c">NVF</subfield><subfield code="d">NVF</subfield><subfield code="d">OCLCQ</subfield><subfield code="d">OCLCF</subfield><subfield code="d">NVF</subfield><subfield code="d">OCLCO</subfield></datafield><datafield ind1="1" ind2=" " tag="029"><subfield code="a">AU@</subfield><subfield code="b">000025865005</subfield></datafield><datafield ind1=" " ind2=" " tag="042"><subfield code="a">pcc</subfield></datafield><datafield ind1=" " ind2=" " tag="043"><subfield code="a">n-us-il</subfield></datafield><datafield ind1="0" ind2=" " tag="130"><subfield code="a">Evening gazette (Monmouth, Ill. : 1883)</subfield></datafield><datafield ind1="1" ind2="4" tag="245"><subfield code="a">The evening gazette.</subfield></datafield><datafield ind1=" " ind2=" " tag="260"><subfield code="a">Monmouth, Ill. :</subfield><subfield code="b">Evening Gazette Pub. Co.</subfield></datafield><datafield ind1="2" ind2=" " tag="260"><subfield code="3">&lt;June 3, 1884&gt;</subfield><subfield code="a">Monmouth, ill. :</subfield><subfield code="b">G.G. McCosh</subfield></datafield><datafield ind1="3" ind2=" " tag="260"><subfield code="3">&lt;Sept. 4, 1886-Oct. 31, 1887&gt;</subfield><subfield code="a">Monmouth, Ill. :</subfield><subfield code="b">Monmouth Printing Co.</subfield></datafield><datafield ind1=" " ind2=" " tag="300"><subfield code="a">v.</subfield></datafield><datafield ind1=" " ind2=" " tag="310"><subfield code="a">Daily (except Sunday)</subfield></datafield><datafield ind1="1" ind2=" " tag="362"><subfield code="a">Began in 1883?</subfield></datafield><datafield ind1=" " ind2=" " tag="530"><subfield code="a">Preservation microfilmed by the University of Illinois at Urbana-Champaign Library as part of the United States Newspaper Program; the years 1883-1887 (on 5 microfilm reels) are available for purchase from OCLC Preservation Service Centers.</subfield></datafield><datafield ind1=" " ind2=" " tag="580"><subfield code="a">Weekly ed.: Monmouth atlas.</subfield></datafield><datafield ind1=" " ind2=" " tag="588"><subfield code="a">Description based on: Volume 1, number 61 (Apr. 2, 1883).</subfield></datafield><datafield ind1=" " ind2=" " tag="588"><subfield code="a">Latest issue consulted: Volume 5, number 240 (Oct. 31, 1887).</subfield></datafield><datafield ind1=" " ind2="0" tag="651"><subfield code="a">Monmouth (Ill.)</subfield><subfield code="v">Newspapers.</subfield></datafield><datafield ind1=" " ind2="7" tag="651"><subfield code="a">Illinois</subfield><subfield code="z">Monmouth.</subfield><subfield code="2">fast</subfield><subfield code="0">(OCoLC)fst01217743</subfield></datafield><datafield ind1=" " ind2="7" tag="655"><subfield code="a">Newspapers.</subfield><subfield code="2">fast</subfield><subfield code="0">(OCoLC)fst01423814</subfield></datafield><datafield ind1=" " ind2=" " tag="752"><subfield code="a">United States</subfield><subfield code="b">Illinois</subfield><subfield code="c">Warren</subfield><subfield code="d">Monmouth.</subfield></datafield><datafield ind1="1" ind2=" " tag="775"><subfield code="t">Monmouth atlas</subfield><subfield code="w">(DLC)sn 84038569</subfield><subfield code="w">(OCoLC)11340795</subfield></datafield><datafield ind1="0" ind2=" " tag="775"><subfield code="t">Monmouth weekly gazette</subfield></datafield></record>